@article{karman1938airfoil,
  title={Airfoil theory for non-uniform motion},
  author={Karman, Th. von and Sears, W. R.},
  journal={Journal of the Aeronautical Sciences},
  volume={5},
  number={10},
  pages={379--390},
  year={1938},
}

@article{spalart1997comments,
  title={Comments on the feasibility of {LES} for wings, and on a hybrid {RANS/LES} approach},
  author={Spalart, PR and Jou, WH and Strelets, M and Allmaras, SR and others},
  journal={Advances in DNS/LES},
  volume={1},
  pages={4--8},
  year={1997},
  publisher={Greyden Press, Columbus, OH},
}

@inproceedings{davenport1995dynamics,
  title={The dynamics of cables in wind},
  author={Davenport, AG},
  booktitle={Proceedings of Symposium on Cable Dynamics},
  year={1995}
}

@article{davison1930dancing,
  title={Dancing conductors},
  author={Davison, AE},
  journal={Transactions of the American Institute of Electrical Engineers},
  volume={49},
  number={4},
  pages={1444--1449},
  year={1930},
  publisher={IEEE}
}

@article{den1932transmission,
  title={Transmission line vibration due to sleet},
  author={Den Hartog, JP},
  journal={Transactions of the American Institute of Electrical Engineers},
  volume={51},
  number={4},
  pages={1074--1076},
  year={1932},
  publisher={IEEE}
}

@book{den1985mechanical,
  title={Mechanical vibrations},
  author={Den Hartog, Jacob Pieter},
  year={1985},
  publisher={Courier Corporation}
}

@article{rawlins1981analysis,
  title={Analysis of conductor galloping field observations-single conductors},
  author={Rawlins, CB},
  journal={IEEE Transactions on Power Apparatus and Systems},
  number={8},
  pages={3744--3753},
  year={1981},
  publisher={IEEE}
}

@inproceedings{yukino1995galloping,
  title={Galloping Phenomena of large bundle conductors observed on the full-scale test line},
  author={Yukino, Teruhiro and Fujii, K and Hayase, I},
  booktitle={Proceeding of International Symposium on Cable Dynamics},
  pages={557--563},
  year={1995}
}

@inproceedings{davis1963investigation,
  title={Investigation of conductor oscillation on the 275 k{V} crossing over
    the Rivers {S}evern and {W}ye},
  author={Davis, DA and Richards, DJW and Scriven, RA},
  booktitle={Proceedings of the Institution of Electrical Engineers},
  volume={110},
  number={1},
  pages={205--219},
  year={1963},
  organization={IET}
}

@article{matsumoto2010dry,
  title={Dry galloping characteristics and its mechanism of inclined/yawed cables},
  author={Matsumoto, Masaru and Yagi, Tomomi and Hatsuda, Hideaki and Shima, Takanori and Tanaka, Masanobu and Naito, Hiroko},
  journal={Journal of Wind Engineering and Industrial Aerodynamics},
  volume={98},
  number={6},
  pages={317--327},
  year={2010},
  publisher={Elsevier}
}

@article{matsumoto1990aerodynamic,
  title={Aerodynamic behavior of inclined circular cylinders-cable aerodynamics},
  author={Matsumoto, M and Shiraishi, N and Kitazawa, M and Knisely, C and Shirato, H and Kim, Y and Tsujii, M},
  journal={Journal of Wind Engineering and Industrial Aerodynamics},
  volume={33},
  number={1-2},
  pages={63--72},
  year={1990},
  publisher={Elsevier}
}

@inproceedings{honda1995wind,
  title={Wind tunnel tests on rain-induced vibration on the stay-cable},
  author={Honda, A and Yamanaka, T and Fujiwara, T and Saito, T},
  booktitle={Proc Int Symp Cable Dynamics},
  pages={255--262},
  year={1995}
}

@inproceedings{irwin1997wind,
  title={Wind vibrations of cables on cable-stayed bridges},
  author={Irwin, Peter A},
  booktitle={Building to Last:},
  pages={383--387},
  year={1997},
  organization={ASCE}
}

@inproceedings{cheng2003divergent,
  title={Divergent motion of cables exposed to skewed wind},
  author={Cheng, S and Irwin, PA and Jakobsen, JB and Lankin, J and Larose, GL and Savage, MG and Tanaka, H and Zurell, C},
  booktitle={Proceedings of the 5th International Symposium on Cable Dynamics},
  pages={271--278},
  year={2003}
}

@inproceedings{sarkar1998aerodynamic,
  title={Aerodynamic solutions to cable vibrations},
  author={Sarkar, P and Mehta, KC and Gardner, T and Zhao, Z},
  booktitle={Proc., Texas Section ASCE Fall 1998 Meeting},
  year={1998},
  organization={ASCE}
}

@incollection{sarkar2000model,
  title={Model tests to study rain/wind-induced vibration of stay cables},
  author={Sarkar, Partha P and Gardner, Thomas B},
  booktitle={Advanced Technology in Structural Engineering},
  pages={1--8},
  year={2000}
}

@techreport{kumarasena2005wind,
  title={Wind induced vibration of stay cables},
  author={Kumarasena, Sena and Jones, Nicholas P and Irwin, Peter and Taylor, Peter},
  year={2005}
}

@article{pontaza2009three,
  title={Three-dimensional numerical simulations of flows past smooth and rough/bare and helically straked circular cylinders allowed to undergo two degree-of-freedom motions},
  author={Pontaza, Juan P and Menon, Raghu G and Chen, Hamn-Ching},
  journal={Journal of Offshore Mechanics and Arctic Engineering},
  volume={131},
  number={2},
  pages={021301},
  year={2009},
  publisher={American Society of Mechanical Engineers}
}

@article{travin2000detached,
  title={Detached-eddy simulations past a circular cylinder},
  author={Travin, Andrei and Shur, Michael and Strelets, Michael and Spalart, Philippe},
  journal={Flow, Turbulence and Combustion},
  volume={63},
  number={1-4},
  pages={293--313},
  year={2000},
  publisher={Springer}
}

@article{yeo2012aerodynamic,
  title={Aerodynamic forces induced by vertically oscillating incoming flow on a yawed horizontal circular cylinder},
  author={Yeo, DongHun and Jones, Nicholas P},
  journal={Journal of Wind Engineering and Industrial Aerodynamics},
  volume={104},
  pages={188--195},
  year={2012},
  publisher={Elsevier}
}

@article{breuer1998large,
  title={Large eddy simulation of the subcritical flow past a circular cylinder: numerical and modeling aspects},
  author={Breuer, Michael},
  journal={International Journal for Numerical Methods in Fluids},
  volume={28},
  number={9},
  pages={1281--1302},
  year={1998}
}

@article{kravchenko2000numerical,
  title={Numerical studies of flow over a circular cylinder at Re D= 3900},
  author={Kravchenko, Arthur G and Moin, Parviz},
  journal={Physics of fluids},
  volume={12},
  number={2},
  pages={403--417},
  year={2000},
  publisher={AIP}
}

@article{catalano2003numerical,
  title={Numerical simulation of the flow around a circular cylinder at high Reynolds numbers},
  author={Catalano, Pietro and Wang, Meng and Iaccarino, Gianluca and Moin, Parviz},
  journal={International Journal of Heat and Fluid Flow},
  volume={24},
  number={4},
  pages={463--469},
  year={2003},
  publisher={Elsevier}
}

@article{dong2005dns,
  title={{DNS} of flow past a stationary and oscillating cylinder at},
  author={Dong, Suchuan and Karniadakis, George E},
  journal={Journal of Fluids and Structures},
  volume={20},
  number={4},
  pages={519--531},
  year={2005},
  publisher={Elsevier}
}

@article{zhao2009direct,
  title={Direct numerical simulation of three-dimensional flow past a yawed circular cylinder of infinite length},
  author={Zhao, Ming and Cheng, Liang and Zhou, Tongming},
  journal={Journal of Fluids and Structures},
  volume={25},
  number={5},
  pages={831--847},
  year={2009},
  publisher={Elsevier}
}

@article{yeo2008investigation,
  title={Investigation on 3-D characteristics of flow around a yawed and inclined circular cylinder},
  author={Yeo, DongHun and Jones, Nicholas P},
  journal={Journal of Wind Engineering and Industrial Aerodynamics},
  volume={96},
  number={10},
  pages={1947--1960},
  year={2008},
  publisher={Elsevier}
}

@article{yeo2011computational,
  title={Computational study on aerodynamic mitigation of wind-induced, large-amplitude vibrations of stay cables with strakes},
  author={Yeo, DongHun and Jones, Nicholas P},
  journal={Journal of Wind Engineering and Industrial Aerodynamics},
  volume={99},
  number={4},
  pages={389--399},
  year={2011},
  publisher={Elsevier}
}

@inproceedings{yeo2007characteristics,
  title={Characteristics of aerodynamic forces on a cylinder at different yaw and inclination angles under flow at high Reynolds number},
  author={Yeo, D and Jones, NP and Meneveau, C},
  booktitle={Proceedings of the 12th International Conference of Wind Engineering, Cairns, Australia},
  pages={879--886},
  year={2007}
}

@article{yin2015dynamic,
  title={On the dynamic computation of the model constant in delayed detached eddy simulation},
  author={Yin, Zifei and Reddy, KR and Durbin, Paul A},
  journal={Physics of Fluids},
  volume={27},
  number={2},
  pages={025105},
  year={2015},
  publisher={AIP Publishing}
}

@inproceedings{norberg2013pressure,
  title={Pressure forces on a circular cylinder in cross flow},
  author={Norberg, C},
  booktitle={IUTAM Symposium on Bluff Body Wakes, Dynamics and Instabilities, eds H Eckelmann, JMR Graham, P Hierre, PA Monkewitz},
  pages={275--278},
  year={2013}
}

@article{roshko1961experiments,
  title={Experiments on the flow past a circular cylinder at very high Reynolds number},
  author={Roshko, Anatol},
  journal={Journal of Fluid Mechanics},
  volume={10},
  number={03},
  pages={345--356},
  year={1961},
  publisher={Cambridge Univ Press}
}

@article{breuer2000challenging,
  title={A challenging test case for large eddy simulation: high Reynolds number circular cylinder flow},
  author={Breuer, Michael},
  journal={International Journal of Heat and Fluid Flow},
  volume={21},
  number={5},
  pages={648--654},
  year={2000},
  publisher={Elsevier}
}

@article{franzini2013one,
  title={One and two degrees-of-freedom Vortex-Induced Vibration experiments with yawed cylinders},
  author={Franzini, Guilherme Rosa and Gon{\c{c}}alves, Rodolfo Trentin and Meneghini, Julio Romano and Fujarra, Andr{\'e} Lu{\'\i}s Condino},
  journal={Journal of fluids and structures},
  volume={42},
  pages={401--420},
  year={2013},
  publisher={Elsevier}
}

@article{khalak1997fluid,
  title={Fluid forces and dynamics of a hydroelastic structure with very low mass and damping},
  author={Khalak, A and Williamson, CHK},
  journal={Journal of Fluids and Structures},
  volume={11},
  number={8},
  pages={973--982},
  year={1997},
  publisher={Elsevier}
}

@article{govardhan2000modes,
  title={Modes of vortex formation and frequency response of a freely vibrating cylinder},
  author={Govardhan, R and Williamson, CHK},
  journal={Journal of Fluid Mechanics},
  volume={420},
  pages={85--130},
  year={2000},
  publisher={Cambridge University Press}
}

@article{bearman1984vortex,
  title={Vortex shedding from oscillating bluff bodies},
  author={Bearman, Peter W},
  journal={Annual review of fluid mechanics},
  volume={16},
  number={1},
  pages={195--222},
  year={1984},
  publisher={Annual Reviews 4139 El Camino Way, PO Box 10139, Palo Alto, CA 94303-0139, USA}
}

@article{sarpkaya2004critical,
  title={A critical review of the intrinsic nature of vortex-induced vibrations},
  author={Sarpkaya, Turgut},
  journal={Journal of fluids and structures},
  volume={19},
  number={4},
  pages={389--447},
  year={2004},
  publisher={Elsevier}
}

@article{williamson2004vortex,
  title={Vortex-induced vibrations},
  author={Williamson, CHK and Govardhan, R},
  journal={Annu. Rev. Fluid Mech.},
  volume={36},
  pages={413--455},
  year={2004},
  publisher={Annual Reviews}
}

@article{zhao2015validity,
  title={The validity of the independence principle applied to the vortex-induced vibration of an inclined cylinder in steady flow},
  author={Zhao, Ming},
  journal={Applied Ocean Research},
  volume={53},
  pages={155--160},
  year={2015},
  publisher={Elsevier}
}

@article{jain2013vortex,
  title={Vortex-induced vibrations of a flexibly-mounted inclined cylinder},
  author={Jain, Anil and Modarres-Sadeghi, Yahya},
  journal={Journal of Fluids and Structures},
  volume={43},
  pages={28--40},
  year={2013},
  publisher={Elsevier}
}

@phdthesis{feng1968measurement,
  title={The measurement of vortex induced effects in flow past stationary and oscillating circular and d-section cylinders},
  author={Feng, CC},
  year={1968},
  school={University of British Columbia}
}


@book{zdravkovich2003flow,
  title={Flow around Circular Cylinders: Volume 2: Applications},
  author={Zdravkovich, Momchilo M},
  volume={2},
  year={2003},
  publisher={Oxford university press}
}

@article{brika1993vortex,
  title={Vortex-induced vibrations of a long flexible circular cylinder},
  author={Brika, D and Laneville, A},
  journal={Journal of Fluid Mechanics},
  volume={250},
  pages={481--508},
  year={1993},
  publisher={Cambridge University Press}
}
