@article{wu2019,
  title={Verification of DES for Flow over Rigidly and Elastically-Mounted Circular Cylinders in Normal and Yawed Flow},
  author={Wu, Xingeng and Jafari, Mohammad and Sarkar, Partha and Sharma, Anupam},
  journal={Journal of Fluids and Structures},
  volume={},
  number={},
  pages={},
  year={2019},
  notes={under review}
}

@article{yin2015dynamic,
  title={On the dynamic computation of the model constant in delayed detached eddy simulation},
  author={Yin, Zifei and Reddy, KR and Durbin, Paul A},
  journal={Physics of Fluids},
  volume={27},
  number={2},
  year={2015},
  publisher={AIP Publishing}
}

@article{franzini2013one,
  title={One and two degrees-of-freedom Vortex-Induced Vibration experiments with yawed cylinders},
  author={Franzini, Guilherme Rosa and Gon{\c{c}}alves, Rodolfo Trentin and Meneghini, Julio Romano and Fujarra, Andr{\'e} Lu{\'\i}s Condino},
  journal={Journal of fluids and structures},
  volume={42},
  pages={401--420},
  year={2013},
  publisher={Elsevier}
}

@article{szepessy1992aspect,
  title={Aspect ratio and end plate effects on vortex shedding from a circular cylinder},
  author={Szepessy, S and Bearman, PW},
  journal={Journal of Fluid Mechanics},
  volume={234},
  pages={191--217},
  year={1992},
  publisher={Cambridge University Press}
}

@article{lei2001spanwise,
  title={Spanwise length effects on three-dimensional modelling of flow over a circular cylinder},
  author={Lei, Chengwang and Cheng, Liang and Kavanagh, Ken},
  journal={Computer methods in applied mechanics and engineering},
  volume={190},
  number={22-23},
  pages={2909--2923},
  year={2001},
  publisher={Elsevier}
}

@article{labbe2007numerical,
  title={A numerical investigation of the effects of the spanwise length on the 3-D wake of a circular cylinder},
  author={Labb{\'e}, DFL and Wilson, PA},
  journal={Journal of Fluids and Structures},
  volume={23},
  number={8},
  pages={1168--1188},
  year={2007},
  publisher={Elsevier}
}

@article{lucor2005vortex,
  title={Vortex mode selection of a rigid cylinder subject to VIV at low mass-damping},
  author={Lucor, D and Foo, J and Karniadakis, GE},
  journal={Journal of Fluids and Structures},
  volume={20},
  number={4},
  pages={483--503},
  year={2005},
  publisher={Elsevier}
}

@article{morse2008effect,
  title={The effect of end conditions on the vortex-induced vibration of cylinders},
  author={Morse, TL and Govardhan, RN and Williamson, CHK},
  journal={Journal of Fluids and Structures},
  volume={24},
  number={8},
  pages={1227--1239},
  year={2008},
  publisher={Elsevier}
}

@article{khalak1997fluid,
  title={Fluid forces and dynamics of a hydroelastic structure with very low mass and damping},
  author={Khalak, A and Williamson, CHK},
  journal={Journal of Fluids and Structures},
  volume={11},
  number={8},
  pages={973--982},
  year={1997},
  publisher={Elsevier}
}

@article{govardhan2000modes,
  title={Modes of vortex formation and frequency response of a freely vibrating cylinder},
  author={Govardhan, R and Williamson, CHK},
  journal={Journal of Fluid Mechanics},
  volume={420},
  pages={85--130},
  year={2000},
  publisher={Cambridge University Press}
}

@article{govardhan2004critical,
  title={Critical mass in vortex-induced vibration of a cylinder},
  author={Govardhan, R and Williamson, CHK},
  journal={European Journal of Mechanics-B/Fluids},
  volume={23},
  number={1},
  pages={17--27},
  year={2004},
  publisher={Elsevier}
}

@article{bearman1984vortex,
  title={Vortex shedding from oscillating bluff bodies},
  author={Bearman, Peter W},
  journal={Annual review of fluid mechanics},
  volume={16},
  number={1},
  pages={195--222},
  year={1984},
  publisher={Annual Reviews 4139 El Camino Way, PO Box 10139, Palo Alto, CA 94303-0139, USA}
}

@article{sarpkaya2004critical,
  title={A critical review of the intrinsic nature of vortex-induced vibrations},
  author={Sarpkaya, Turgut},
  journal={Journal of fluids and structures},
  volume={19},
  number={4},
  pages={389--447},
  year={2004},
  publisher={Elsevier}
}

@article{williamson2004vortex,
  title={Vortex-induced vibrations},
  author={Williamson, CHK and Govardhan, R},
  journal={Annu. Rev. Fluid Mech.},
  volume={36},
  pages={413--455},
  year={2004},
  publisher={Annual Reviews}
}

@article{zhao2015validity,
  title={The validity of the independence principle applied to the vortex-induced vibration of an inclined cylinder in steady flow},
  author={Zhao, Ming},
  journal={Applied Ocean Research},
  volume={53},
  pages={155--160},
  year={2015},
  publisher={Elsevier}
}

@article{jain2013vortex,
  title={Vortex-induced vibrations of a flexibly-mounted inclined cylinder},
  author={Jain, Anil and Modarres-Sadeghi, Yahya},
  journal={Journal of Fluids and Structures},
  volume={43},
  pages={28--40},
  year={2013},
  publisher={Elsevier}
}

@phdthesis{feng1968measurement,
  title={The measurement of vortex induced effects in flow past stationary and oscillating circular and d-section cylinders},
  author={Feng, CC},
  year={1968},
  school={University of British Columbia}
}


@book{zdravkovich2003flow,
  title={Flow around Circular Cylinders: Volume 2: Applications},
  author={Zdravkovich, Momchilo M},
  volume={2},
  year={2003},
  publisher={Oxford university press}
}
